@article{习, 
author = {习近平}, 
title = {共同构建地球生命共同体——在《生物多样性公约》第十五次缔约方大会领导人峰会上的主旨讲话}, 
journal = {中华人民共和国国务院公报}, 
volume = {}, 
number = {9-10}, 
year = {2021}, 
issn = {1004-3438}, 
doi ={} 
}
@article{ref2, 
author = {章建华}, 
title = {全面构建现代能源体系 推动新时代能源高质量发展}, 
journal = {中国石油和化工}, 
volume = {}, 
number = {8-13}, 
year = {2022}, 
issn = {1008-1852}, 
doi ={} 
}


@article{ref3,
title = {Optimal configuration of concentrating solar power in multienergy power systems with an improved variational autoencoder},
journal = {Applied Energy},
volume = {274},
pages = {115124},
year = {2020},
issn = {0306-2619},
doi = {https://doi.org/10.1016/j.apenergy.2020.115124},
url = {https://www.sciencedirect.com/science/article/pii/S030626192030636X},
author = {Yuchen Qi and Wei Hu and Yu Dong and Yue Fan and Ling Dong and Ming Xiao},
keywords = {Multienergy power system, Renewable energy sources, Concentrated solar power, Optimal configuration, Variational autoencoder}
}



